@inproceedings{li2015convolutional,
  title={A convolutional neural network cascade for face detection},
  author={Li, Haoxiang and Lin, Zhe and Shen, Xiaohui and Brandt, Jonathan and Hua, Gang},
  booktitle={Proceedings of the IEEE conference on computer vision and pattern recognition},
  pages={5325--5334},
  year={2015}
}

@inproceedings{ye2015new,
	title={A new method based on hough transform for quick line and circle detection},
	author={Ye, Huashan and Shang, Guocan and Wang, Lina and Zheng, Min},
	booktitle={2015 8th International Conference on Biomedical Engineering and Informatics (BMEI)},
	pages={52--56},
	year={2015},
	organization={IEEE}
}

@article{amin2008automated,
	title={Automated people-counting by using low-resolution infrared and visual cameras},
	author={Amin, IJ and Taylor, Andrew J and Junejo, Faraz and Al-Habaibeh, A and Parkin, Robert M},
	journal={Measurement},
	volume={41},
	number={6},
	pages={589--599},
	year={2008},
	publisher={Elsevier}
}

@misc{Historyo5:online,
	author = {Schmidhuber, Jürgen},
	title = {History of computer vision contests won by deep CNNs on GPUs},
	year={2017},
	month={03},
	organization={{The Swiss AI Lab}},
	url = {http://people.idsia.ch/~juergen/computer-vision-contests-won-by-gpu-cnns.html},
	urldate = {06-05-2019}
}

@inproceedings{suard2006pedestrian,
	title={Pedestrian detection using infrared images and histograms of oriented gradients},
	author={Suard, Fr{\'e}d{\'e}ric and Rakotomamonjy, Alain and Bensrhair, Abdelaziz and Broggi, Alberto},
	booktitle={2006 IEEE Intelligent Vehicles Symposium},
	pages={206--212},
	year={2006},
	organization={IEEE}
}

@inproceedings{bertozzi2003pedestrian,
	title={Pedestrian detection in infrared images},
	author={Bertozzi, Massimo and Broggi, Alberto and Grisleri, Paolo and Graf, Thorsten and Meinecke, Michael},
	booktitle={IEEE IV2003 Intelligent Vehicles Symposium. Proceedings (Cat. No. 03TH8683)},
	pages={662--667},
	year={2003},
	organization={IEEE}
}

@inproceedings{zhang2007pedestrian,
	title={Pedestrian detection in infrared images based on local shape features},
	author={Zhang, Li and Wu, Bo and Nevatia, Ram},
	booktitle={2007 IEEE Conference on Computer Vision and Pattern Recognition},
	pages={1--8},
	year={2007},
	organization={IEEE}
}


@book{9781783980284,
	Author = {Michael Beyeler},
	Title = {Machine Learning for OpenCV: Intelligent image processing with Python},
	Publisher = {Packt Publishing},
	Year = {2017},
	ISBN = {},
	URL = {https://www.amazon.com/Machine-Learning-OpenCV-Intelligent-processing-ebook/dp/B0713QL4T3?SubscriptionId=AKIAIOBINVZYXZQZ2U3A&tag=chimbori05-20&linkCode=xm2&camp=2025&creative=165953&creativeASIN=B0713QL4T3}
}

@inproceedings{koch2015siamese,
	title={Siamese neural networks for one-shot image recognition},
	author={Koch, Gregory and Zemel, Richard and Salakhutdinov, Ruslan},
	booktitle={ICML deep learning workshop},
	volume={2},
	year={2015}
}

@inproceedings{gomez2018thermal,
	title={Thermal image-based CNN's for ultra-low power people recognition},
	author={Gomez, Andres and Conti, Francesco and Benini, Luca},
	booktitle={Proceedings of the 15th ACM International Conference on Computing Frontiers},
	pages={326--331},
	year={2018},
	organization={ACM}
}

@article{ILSVRC15,
	Author = {Olga Russakovsky and Jia Deng and Hao Su and Jonathan Krause and Sanjeev Satheesh and Sean Ma and Zhiheng Huang and Andrej Karpathy and Aditya Khosla and Michael Bernstein and Alexander C. Berg and Li Fei-Fei},
	Title = {{ImageNet Large Scale Visual Recognition Challenge}},
	Year = {2015},
	journal   = {International Journal of Computer Vision (IJCV)},
	doi = {10.1007/s11263-015-0816-y},
	volume={115},
	number={3},
	pages={211-252}
}

@InProceedings{Sermanet_2013_CVPR,
	author = {Sermanet, Pierre and Kavukcuoglu, Koray and Chintala, Soumith and Lecun, Yann},
	title = {Pedestrian Detection with Unsupervised Multi-stage Feature Learning},
	booktitle = {The IEEE Conference on Computer Vision and Pattern Recognition (CVPR)},
	month = {June},
	year = {2013}
}

@misc{Detectron2018,
	author =       {Ross Girshick and Ilija Radosavovic and Georgia Gkioxari and
	Piotr Doll\'{a}r and Kaiming He},
	title =        {Detectron},
	howpublished = {\url{https://github.com/facebookresearch/detectron}},
	year =         {2018}
}

@inproceedings{redmon2017yolo9000,
	title={YOLO9000: better, faster, stronger},
	author={Redmon, Joseph and Farhadi, Ali},
	booktitle={Proceedings of the IEEE conference on computer vision and pattern recognition},
	pages={7263--7271},
	year={2017}
}

@inproceedings{yoloRCnn,
	title={Understanding of Object Detection Based on CNN Family and YOLO},
	author={Du, Juan},
	booktitle={Journal of Physics: Conference Series},
	volume={1004},
	number={1},
	pages={012029},
	year={2018},
	organization={IOP Publishing}
}

@online{pycharm,
	author = {JetBrains},
	title = {{MS Windows NT} Kernel Description},
	year = {2019},
	url = {http://web.archive.org/web/20080207010024/http://www.808multimedia.com/winnt/kernel.htm},
	urldate = {2019-05-27}
}

@article{Fang_2007,
	doi = {10.1088/1464-4258/9/2/003},
	url = {https://doi.org/10.1088%2F1464-4258%2F9%2F2%2F003},
	year = {2007},
	month = {jan},
	publisher = {{IOP} Publishing},
	volume = {9},
	number = {2},
	pages = {134--144},
	author = {Yi-Chin Fang and Bo-Wen Wu},
	title = {Neural network application for thermal image recognition of low-resolution objects},
	journal = {Journal of Optics A: Pure and Applied Optics}
}

@misc{comparison_algorithms,
	author = {Junaid Ahmed},
	title = {Performance comparison of CNN, KNN, LDA and k-means for traffic sign classification problem | Junaid Ahmed | updates | Research Project},
	howpublished = {\url{https://www.researchgate.net/project/Performance-comparison-of-CNN-KNN-LDA-and-k-means-for-traffic-sign-classification-problem}},
	month = {11},
	year = {2017},
	note = {(Accessed on 05/29/2019)}
}

@misc{labelme2016,
	author =       {Ketaro Wada},
	title =        {{labelme: Image Polygonal Annotation with Python}},
	howpublished = {\url{https://github.com/wkentaro/labelme}},
	year =         {2016}
}

@misc{npyformat,
	author = {SciPy.org},
	title = {numpy.lib.format — NumPy v1.16 Manual},
	url = {https://docs.scipy.org/doc/numpy/reference/generated/numpy.lib.format.html#module-numpy.lib.format},
	month = {01},
	year = {2019},
	urldate = {05/31/2019}
}

@inproceedings{cnnArchitecture,
	title={Low resolution convolutional neural network for automatic target recognition},
	author={Chevalier, Marion and Thome, Nicolas and Cord, Matthieu and Fournier, J{\'e}r{\^o}me and Henaff, Gilles and Dusch, Elodie},
	booktitle={7th International Symposium on Optronics in Defence and Security},
	year={2016}
}

@online{MaxpoolImg2018,
	author = {{ComputerScienceWiki}},
	title = {{File:MaxpoolSample2.png}},
	year = {2018},
	month = {02},
	publisher = {ComputerScienceWiki},
	url = {https://computersciencewiki.org/images/8/8a/MaxpoolSample2.png},
	urldate = {06/01/2019}}
}

@misc{keras,
	title = {Keras},
	author = {Chollet, Francois and others},
	year = {2005},
	url = {https://keras.io},
	urldate = {06/02/2019}
}

@article{opencv,
	author = {Bradski, G.},
	citeulike-article-id = {2236121},
	journal = {Dr. Dobb's Journal of Software Tools},
	keywords = {bibtex-import},
	posted-at = {2008-01-15 19:21:54},
	priority = {4},
	title = {{The OpenCV Library}},
	year = {2000}
}

@misc{tensorflow2015,
	title={{TensorFlow}: Large-Scale Machine Learning on Heterogeneous Systems},
	url={http://tensorflow.org/},
	note={Software available from tensorflow.org},
	author={
	Martin~Abadi and
	Ashish~Agarwal and
	Paul~Barham and
	Eugene~Brevdo and
	Zhifeng~Chen and
	Craig~Citro and
	Greg~S.~Corrado and
	Andy~Davis and
	Jeffrey~Dean and
	Matthieu~Devin and
	Sanjay~Ghemawat and
	Ian~Goodfellow and
	Andrew~Harp and
	Geoffrey~Irving and
	Michael~Isard and
	Yangqing~Jia and
	Rafal~Jozefowicz and
	Lukasz~Kaiser and
	Manjunath~Kudlur and
	Josh~Levenberg and
	Dan~Mane and
	Rajat~Monga and
	Sherry~Moore and
	Derek~Murray and
	Chris~Olah and
	Mike~Schuster and
	Jonathon~Shlens and
	Benoit~Steiner and
	Ilya~Sutskever and
	Kunal~Talwar and
	Paul~Tucker and
	Vincent~Vanhoucke and
	Vijay~Vasudevan and
	Fernanda~Vi\'{e}gas and
	Oriol~Vinyals and
	Pete~Warden and
	Martin~Wattenberg and
	Martin~Wicke and
	Yuan~Yu and
	Xiaoqiang~Zheng},
	year={2015},
}

@Misc{numpy,
	author =    {Travis Oliphant},
	title =     {{NumPy}: A guide to {NumPy}},
	year =      {2006},
	howpublished = {USA: Trelgol Publishing},
	url = {http://www.numpy.org/},
	note = {[Online; accessed <today>]}
}